<?xml version="1.0" encoding="UTF-8"?><record xmlns="http://www.loc.gov/MARC21/slim" xmlns:cinclude="http://apache.org/cocoon/include/1.0" xmlns:zs="http://www.loc.gov/zing/srw/">
  <leader>00474cz  a2200145n  4500</leader>
  <controlfield tag="001">nr 93037866 </controlfield>
  <controlfield tag="003">DLC</controlfield>
  <controlfield tag="005">20001019071147.0</controlfield>
  <controlfield tag="008">930922n| acannaabn          |a aaa     c</controlfield>
  <datafield tag="010" ind1=" " ind2=" ">
    <subfield code="a">nr 93037866 </subfield>
  </datafield>
  <datafield tag="035" ind1=" " ind2=" ">
    <subfield code="a">(OCoLC)oca03472941</subfield>
  </datafield>
  <datafield tag="040" ind1=" " ind2=" ">
    <subfield code="a">NN</subfield>
    <subfield code="b">eng</subfield>
    <subfield code="c">NN</subfield>
    <subfield code="d">OCoLC</subfield>
  </datafield>
  <datafield tag="100" ind1="1" ind2=" ">
    <subfield code="a">Ruíz Acevedo, Juan M.</subfield>
    <subfield code="q">(Juan Manuel)</subfield>
  </datafield>
  <datafield tag="400" ind1="1" ind2=" ">
    <subfield code="a">Acevedo, Juan M. Ruíz</subfield>
  </datafield>
  <datafield tag="670" ind1=" " ind2=" ">
    <subfield code="a">His El agua en las ciudades de la Bética, 1991:</subfield>
    <subfield code="b">t.p.(Juan M. Ruíz Acevedo) cover (Juan Manuel Ruíz Acevedo)</subfield>
  </datafield>
</record>